<?xml version="1.0" encoding="UTF-8"?><collection xmlns="http://www.loc.gov/MARC21/slim"><record><leader>00373nam--2200121-i-4500</leader><controlfield tag="001">000038716</controlfield><controlfield tag="002">20161230</controlfield><controlfield tag="005">20161230201041</controlfield><controlfield tag="008">060222s1000------------r-----000-0-eng-d</controlfield><datafield ind1=" " ind2=" " tag="080"><subfield code="a">621.316.002.072</subfield></datafield><datafield ind1=" " ind2=" " tag="245"><subfield code="a">Reguli des amenajare a institutiilor electrotehnice. numai pentru uz intern si documentare</subfield></datafield><datafield ind1=" " ind2=" " tag="260"><subfield code="a">Bucuresti, Ed.Energetica De Stdat, 1952. 140 P</subfield></datafield><datafield ind1=" " ind2=" " tag="852"><subfield code="a">26074</subfield></datafield></record></collection>